<?xml version="1.0" encoding="UTF-8"?>
<!DOCTYPE html PUBLIC "-//W3C//DTD XHTML 1.0 Transitional//EN"
    "http://www.w3.org/TR/xhtml1/DTD/xhtml1-transitional.dtd">
<html xmlns="http://www.w3.org/1999/xhtml" xml:lang="en" lang="en">
 <head>
  <title>
</title>
<meta http-equiv="Content-Type" content="text/html;charset=utf-8" />
  <meta name='ocr-system' content='tesseract 3.04.00' />
  <meta name='ocr-capabilities' content='ocr_page ocr_carea ocr_par ocr_line ocrx_word'/>
</head>
<body>
  <div class='ocr_page' id='page_1' title='image "./operaomnia00horauoft_0324.png"; bbox 0 0 1910 3236; ppageno 0'>
   <div class='ocr_carea' id='block_1_1' title="bbox 123 232 209 275">
    <p class='ocr_par' dir='ltr' id='par_1_1' title="bbox 123 232 209 275">
     <span class='ocr_line' id='line_1_1' title="bbox 123 232 209 275; baseline 0 -1"><span class='ocrx_word' id='word_1_1' title='bbox 123 232 209 275; x_wconf 78' lang='lat'><strong>294</strong></span> 
     </span>
    </p>
   </div>
   <div class='ocr_carea' id='block_1_2' title="bbox 668 231 1199 276">
    <p class='ocr_par' dir='ltr' id='par_1_2' title="bbox 668 231 1199 276">
     <span class='ocr_line' id='line_1_2' title="bbox 668 231 1199 276; baseline 0.002 -3"><span class='ocrx_word' id='word_1_2' title='bbox 668 231 940 275; x_wconf 87' lang='lat' dir='ltr'><strong>HORATII</strong></span> <span class='ocrx_word' id='word_1_3' title='bbox 973 233 1199 276; x_wconf 84' lang='lat' dir='ltr'><strong>FLAOGI</strong></span> 
     </span>
    </p>
   </div>
   <div class='ocr_carea' id='block_1_3' title="bbox 679 489 1213 539">
    <p class='ocr_par' dir='ltr' id='par_1_3' title="bbox 679 489 1213 539">
     <span class='ocr_line' id='line_1_3' title="bbox 679 489 1213 539; baseline 0.002 -2"><span class='ocrx_word' id='word_1_4' title='bbox 679 489 1001 538; x_wconf 86' lang='lat' dir='ltr'><strong>GARMEN</strong></span> <span class='ocrx_word' id='word_1_5' title='bbox 1052 491 1213 539; x_wconf 91' lang='lat' dir='ltr'><strong>VIII.</strong></span> 
     </span>
    </p>
   </div>
   <div class='ocr_carea' id='block_1_4' title="bbox 362 620 1518 1911">
    <p class='ocr_par' dir='ltr' id='par_1_4' title="bbox 362 620 1518 1911">
     <span class='ocr_line' id='line_1_4' title="bbox 362 620 1162 677; baseline 0.004 -16"><span class='ocrx_word' id='word_1_6' title='bbox 362 620 556 662; x_wconf 78' lang='lat' dir='ltr'><strong>ROGARE</strong></span> <span class='ocrx_word' id='word_1_7' title='bbox 578 621 705 677; x_wconf 88' lang='lat' dir='ltr'><strong>longo</strong></span> <span class='ocrx_word' id='word_1_8' title='bbox 725 621 920 677; x_wconf 88' lang='lat' dir='ltr'><strong>putidam</strong></span> <span class='ocrx_word' id='word_1_9' title='bbox 939 625 985 663; x_wconf 85' lang='lat' dir='ltr'><strong>te</strong></span> <span class='ocrx_word' id='word_1_10' title='bbox 1005 622 1162 674; x_wconf 86' lang='lat' dir='ltr'><strong>seculo,</strong></span> 
     </span>
     <span class='ocr_line' id='line_1_5' title="bbox 421 685 1031 742; baseline 0.005 -16"><span class='ocrx_word' id='word_1_11' title='bbox 421 685 551 728; x_wconf 90' lang='lat' dir='ltr'><strong>Vires</strong></span> <span class='ocrx_word' id='word_1_12' title='bbox 572 686 674 742; x_wconf 92' lang='lat' dir='ltr'><strong>quid</strong></span> <span class='ocrx_word' id='word_1_13' title='bbox 695 691 869 729; x_wconf 86' lang='lat' dir='ltr'><strong>enervet</strong></span> <span class='ocrx_word' id='word_1_14' title='bbox 887 689 1031 729; x_wconf 80' lang='lat' dir='ltr'><strong>meas!</strong></span> 
     </span>
     <span class='ocr_line' id='line_1_6' title="bbox 363 750 1240 809; baseline 0.005 -17"><span class='ocrx_word' id='word_1_15' title='bbox 363 750 471 793; x_wconf 83' lang='lat' dir='ltr'><strong>Cum</strong></span> <span class='ocrx_word' id='word_1_16' title='bbox 492 751 550 793; x_wconf 87' lang='lat' dir='ltr'><strong>sit</strong></span> <span class='ocrx_word' id='word_1_17' title='bbox 568 751 649 793; x_wconf 88' lang='lat' dir='ltr'><strong>tibi</strong></span> <span class='ocrx_word' id='word_1_18' title='bbox 670 752 775 794; x_wconf 87' lang='lat' dir='ltr'><strong>dens</strong></span> <span class='ocrx_word' id='word_1_19' title='bbox 795 756 891 794; x_wconf 85' lang='lat' dir='ltr'><strong>ater</strong></span> <span class='ocrx_word' id='word_1_20' title='bbox 911 757 958 794; x_wconf 88' lang='lat' dir='ltr'><strong>et</strong></span> <span class='ocrx_word' id='word_1_21' title='bbox 976 752 1096 809; x_wconf 86' lang='lat' dir='ltr'><strong>rugis</strong></span> <span class='ocrx_word' id='word_1_22' title='bbox 1115 758 1240 796; x_wconf 87' lang='lat' dir='ltr'><strong>vetus</strong></span> 
     </span>
     <span class='ocr_line' id='line_1_7' title="bbox 420 816 1033 870; baseline 0.003 -13"><span class='ocrx_word' id='word_1_23' title='bbox 420 816 632 859; x_wconf 75' lang='lat' dir='ltr'>Frontem</span> <span class='ocrx_word' id='word_1_24' title='bbox 651 821 851 860; x_wconf 87' lang='lat' dir='ltr'><strong>senectus</strong></span> <span class='ocrx_word' id='word_1_25' title='bbox 871 821 1033 870; x_wconf 79' lang='lat' dir='ltr'><strong>exaret,</strong></span> 
     </span>
     <span class='ocr_line' id='line_1_8' title="bbox 362 881 1511 938; baseline 0.003 -16"><span class='ocrx_word' id='word_1_26' title='bbox 362 881 555 937; x_wconf 86' lang='lat' dir='ltr'><strong>Hietque</strong></span> <span class='ocrx_word' id='word_1_27' title='bbox 574 881 715 938; x_wconf 84' lang='lat' dir='ltr'><strong>turpis</strong></span> <span class='ocrx_word' id='word_1_28' title='bbox 735 881 849 924; x_wconf 86' lang='lat' dir='ltr'><strong>inter</strong></span> <span class='ocrx_word' id='word_1_29' title='bbox 868 882 1011 924; x_wconf 87' lang='lat' dir='ltr'><strong>aridas</strong></span> <span class='ocrx_word' id='word_1_30' title='bbox 1031 886 1156 925; x_wconf 87' lang='lat' dir='ltr'><strong>nates</strong></span> <span class='ocrx_word' id='word_1_31' title='bbox 1490 895 1511 925; x_wconf 88' lang='lat'><strong>5</strong></span> 
     </span>
     <span class='ocr_line' id='line_1_9' title="bbox 421 947 1039 990; baseline 0.003 -2"><span class='ocrx_word' id='word_1_32' title='bbox 421 947 573 988; x_wconf 83' lang='lat' dir='ltr'><strong>Podex</strong></span> <span class='ocrx_word' id='word_1_33' title='bbox 593 947 709 990; x_wconf 90' lang='lat' dir='ltr'><strong>velut</strong></span> <span class='ocrx_word' id='word_1_34' title='bbox 730 948 885 989; x_wconf 85' lang='lat' dir='ltr'><strong>crudae</strong></span> <span class='ocrx_word' id='word_1_35' title='bbox 905 948 1039 990; x_wconf 88' lang='lat' dir='ltr'><strong>bovis.</strong></span> 
     </span>
     <span class='ocr_line' id='line_1_10' title="bbox 364 1011 1366 1070; baseline 0.003 -16"><span class='ocrx_word' id='word_1_36' title='bbox 364 1011 450 1054; x_wconf 88' lang='lat' dir='ltr'><strong>Sed</strong></span> <span class='ocrx_word' id='word_1_37' title='bbox 470 1012 626 1054; x_wconf 88' lang='lat' dir='ltr'><strong>incitat</strong></span> <span class='ocrx_word' id='word_1_38' title='bbox 644 1027 714 1054; x_wconf 91' lang='lat' dir='ltr'><strong>me</strong></span> <span class='ocrx_word' id='word_1_39' title='bbox 733 1017 890 1068; x_wconf 84' lang='lat' dir='ltr'><strong>pectus</strong></span> <span class='ocrx_word' id='word_1_40' title='bbox 909 1018 955 1056; x_wconf 89' lang='lat' dir='ltr'><strong>et</strong></span> <span class='ocrx_word' id='word_1_41' title='bbox 973 1027 1184 1055; x_wconf 85' lang='lat' dir='ltr'><strong>mammae</strong></span> <span class='ocrx_word' id='word_1_42' title='bbox 1203 1018 1366 1070; x_wconf 70' lang='lat' dir='ltr'><strong>patrae,</strong></span> 
     </span>
     <span class='ocr_line' id='line_1_11' title="bbox 422 1077 923 1133; baseline 0.002 -15"><span class='ocrx_word' id='word_1_43' title='bbox 422 1077 592 1133; x_wconf 87' lang='lat' dir='ltr'><strong>Equina</strong></span> <span class='ocrx_word' id='word_1_44' title='bbox 612 1077 759 1133; x_wconf 86' lang='lat' dir='ltr'><strong>quales</strong></span> <span class='ocrx_word' id='word_1_45' title='bbox 778 1079 923 1130; x_wconf 85' lang='lat' dir='ltr'><strong>ubera,</strong></span> 
     </span>
     <span class='ocr_line' id='line_1_12' title="bbox 366 1141 1283 1199; baseline 0.003 -16"><span class='ocrx_word' id='word_1_46' title='bbox 366 1141 617 1199; x_wconf 85' lang='lat' dir='ltr'><strong>Venterque</strong></span> <span class='ocrx_word' id='word_1_47' title='bbox 636 1142 775 1184; x_wconf 80' lang='lat' dir='ltr'><strong>mollis</strong></span> <span class='ocrx_word' id='word_1_48' title='bbox 796 1147 842 1184; x_wconf 91' lang='lat' dir='ltr'><strong>et</strong></span> <span class='ocrx_word' id='word_1_49' title='bbox 861 1143 999 1185; x_wconf 89' lang='lat' dir='ltr'><strong>femur</strong></span> <span class='ocrx_word' id='word_1_50' title='bbox 1018 1143 1283 1186; x_wconf 76' lang='lat' dir='ltr'><strong>tumentibus</strong></span> 
     </span>
     <span class='ocr_line' id='line_1_13' title="bbox 422 1207 1515 1253; baseline 0.005 -5"><span class='ocrx_word' id='word_1_51' title='bbox 422 1207 549 1249; x_wconf 86' lang='lat' dir='ltr'><strong>Exile</strong></span> <span class='ocrx_word' id='word_1_52' title='bbox 571 1207 681 1249; x_wconf 83' lang='lat' dir='ltr'><strong>suris</strong></span> <span class='ocrx_word' id='word_1_53' title='bbox 702 1207 912 1251; x_wconf 85' lang='lat' dir='ltr'><strong>additum.</strong></span> <span class='ocrx_word' id='word_1_54' title='bbox 1471 1222 1515 1253; x_wconf 83' lang='grc' dir='ltr'><strong>ιο</strong></span> 
     </span>
     <span class='ocr_line' id='line_1_14' title="bbox 362 1272 1161 1331; baseline 0.004 -17"><span class='ocrx_word' id='word_1_55' title='bbox 362 1272 474 1315; x_wconf 89' lang='lat' dir='ltr'><strong>Esto</strong></span> <span class='ocrx_word' id='word_1_56' title='bbox 495 1274 636 1325; x_wconf 84' lang='lat' dir='ltr'><strong>beata,</strong></span> <span class='ocrx_word' id='word_1_57' title='bbox 658 1273 784 1315; x_wconf 85' lang='lat' dir='ltr'><strong>funus</strong></span> <span class='ocrx_word' id='word_1_58' title='bbox 803 1278 934 1330; x_wconf 83' lang='lat' dir='ltr'><strong>atque</strong></span> <span class='ocrx_word' id='word_1_59' title='bbox 954 1274 1161 1331; x_wconf 83' lang='lat' dir='ltr'><strong>imagines</strong></span> 
     </span>
     <span class='ocr_line' id='line_1_15' title="bbox 421 1337 1048 1395; baseline 0 -15"><span class='ocrx_word' id='word_1_60' title='bbox 421 1337 598 1381; x_wconf 87' lang='lat' dir='ltr'><strong>Ducant</strong></span> <span class='ocrx_word' id='word_1_61' title='bbox 616 1339 895 1395; x_wconf 77' lang='lat' dir='ltr'><strong>triumphales</strong></span> <span class='ocrx_word' id='word_1_62' title='bbox 914 1344 1048 1392; x_wconf 86' lang='lat' dir='ltr'><strong>tuum,</strong></span> 
     </span>
     <span class='ocr_line' id='line_1_16' title="bbox 365 1403 1191 1461; baseline 0.002 -15"><span class='ocrx_word' id='word_1_63' title='bbox 365 1403 457 1446; x_wconf 92' lang='lat' dir='ltr'><strong>Nec</strong></span> <span class='ocrx_word' id='word_1_64' title='bbox 477 1404 534 1447; x_wconf 87' lang='lat' dir='ltr'><strong>sit</strong></span> <span class='ocrx_word' id='word_1_65' title='bbox 553 1405 721 1456; x_wconf 87' lang='lat' dir='ltr'><strong>marita,</strong></span> <span class='ocrx_word' id='word_1_66' title='bbox 743 1420 852 1461; x_wconf 88' lang='lat' dir='ltr'><strong>quae</strong></span> <span class='ocrx_word' id='word_1_67' title='bbox 872 1405 1191 1448; x_wconf 85' lang='lat' dir='ltr'><strong>rotundioribus</strong></span> 
     </span>
     <span class='ocr_line' id='line_1_17' title="bbox 425 1469 981 1513; baseline 0.004 -2"><span class='ocrx_word' id='word_1_68' title='bbox 425 1469 594 1512; x_wconf 85' lang='lat' dir='ltr'><strong>Onusta</strong></span> <span class='ocrx_word' id='word_1_69' title='bbox 613 1470 758 1512; x_wconf 83' lang='lat' dir='ltr'><strong>baccis</strong></span> <span class='ocrx_word' id='word_1_70' title='bbox 778 1471 981 1513; x_wconf 85' lang='lat' dir='ltr'><strong>ambulet.</strong></span> 
     </span>
     <span class='ocr_line' id='line_1_18' title="bbox 368 1534 1515 1590; baseline 0.005 -15"><span class='ocrx_word' id='word_1_71' title='bbox 368 1534 493 1587; x_wconf 81' lang='lat' dir='ltr'><strong>Quid,</strong></span> <span class='ocrx_word' id='word_1_72' title='bbox 516 1536 630 1590; x_wconf 92' lang='lat' dir='ltr'><strong>quod</strong></span> <span class='ocrx_word' id='word_1_73' title='bbox 650 1535 778 1577; x_wconf 91' lang='lat' dir='ltr'><strong>libelli</strong></span> <span class='ocrx_word' id='word_1_74' title='bbox 801 1535 937 1578; x_wconf 82' lang='lat' dir='ltr'><strong>Stoici</strong></span> <span class='ocrx_word' id='word_1_75' title='bbox 957 1536 1070 1578; x_wconf 89' lang='lat' dir='ltr'><strong>inter</strong></span> <span class='ocrx_word' id='word_1_76' title='bbox 1090 1537 1252 1579; x_wconf 85' lang='lat' dir='ltr'><strong>sericos</strong></span> <span class='ocrx_word' id='word_1_77' title='bbox 1472 1550 1515 1581; x_wconf 85' lang='lat'><strong>15</strong></span> 
     </span>
     <span class='ocr_line' id='line_1_19' title="bbox 423 1599 984 1656; baseline 0.004 -16"><span class='ocrx_word' id='word_1_78' title='bbox 423 1599 455 1639; x_wconf 85' lang='lat' dir='ltr'>J</span> <span class='ocrx_word' id='word_1_79' title='bbox 457 1614 581 1641; x_wconf 90' lang='lat' dir='ltr'><strong>acere</strong></span> <span class='ocrx_word' id='word_1_80' title='bbox 601 1600 795 1656; x_wconf 88' lang='lat' dir='ltr'><strong>pulvillos</strong></span> <span class='ocrx_word' id='word_1_81' title='bbox 814 1605 984 1643; x_wconf 87' lang='lat' dir='ltr'><strong>amant:</strong></span> 
     </span>
     <span class='ocr_line' id='line_1_20' title="bbox 369 1662 1156 1722; baseline 0.004 -17"><span class='ocrx_word' id='word_1_82' title='bbox 369 1662 569 1706; x_wconf 88' lang='lat' dir='ltr'><strong>Illiterati</strong></span> <span class='ocrx_word' id='word_1_83' title='bbox 587 1680 688 1706; x_wconf 92' lang='lat' dir='ltr'><strong>num</strong></span> <span class='ocrx_word' id='word_1_84' title='bbox 707 1665 847 1707; x_wconf 87' lang='lat' dir='ltr'><strong>minus</strong></span> <span class='ocrx_word' id='word_1_85' title='bbox 866 1665 984 1707; x_wconf 90' lang='lat' dir='ltr'><strong>nervi</strong></span> <span class='ocrx_word' id='word_1_86' title='bbox 1003 1665 1156 1722; x_wconf 79' lang='lat' dir='ltr'><strong>rigent,</strong></span> 
     </span>
     <span class='ocr_line' id='line_1_21' title="bbox 429 1729 1076 1787; baseline 0.005 -18"><span class='ocrx_word' id='word_1_87' title='bbox 429 1729 629 1772; x_wconf 88' lang='lat' dir='ltr'><strong>Minusve</strong></span> <span class='ocrx_word' id='word_1_88' title='bbox 647 1730 824 1787; x_wconf 87' lang='lat' dir='ltr'><strong>languet</strong></span> <span class='ocrx_word' id='word_1_89' title='bbox 842 1730 1076 1773; x_wconf 67' lang='lat' dir='ltr'><strong>fascinum?</strong></span> 
     </span>
     <span class='ocr_line' id='line_1_22' title="bbox 371 1794 1271 1855; baseline 0.004 -19"><span class='ocrx_word' id='word_1_90' title='bbox 371 1794 496 1848; x_wconf 78' lang='lat' dir='ltr'><strong>Quod</strong></span> <span class='ocrx_word' id='word_1_91' title='bbox 515 1800 566 1838; x_wconf 90' lang='lat' dir='ltr'><strong>ut</strong></span> <span class='ocrx_word' id='word_1_92' title='bbox 585 1797 768 1852; x_wconf 88' lang='lat' dir='ltr'><strong>superbo</strong></span> <span class='ocrx_word' id='word_1_93' title='bbox 787 1811 994 1852; x_wconf 87' lang='lat' dir='ltr'><strong>provoces</strong></span> <span class='ocrx_word' id='word_1_94' title='bbox 1013 1798 1069 1839; x_wconf 84' lang='lat' dir='ltr'><strong>ab</strong></span> <span class='ocrx_word' id='word_1_95' title='bbox 1086 1797 1271 1855; x_wconf 86' lang='lat' dir='ltr'><strong>inguine,</strong></span> 
     </span>
     <span class='ocr_line' id='line_1_23' title="bbox 429 1860 1518 1911; baseline 0.007 -8"><span class='ocrx_word' id='word_1_96' title='bbox 429 1860 516 1904; x_wconf 92' lang='lat' dir='ltr'><strong>Ore</strong></span> <span class='ocrx_word' id='word_1_97' title='bbox 534 1862 855 1905; x_wconf 86' lang='lat' dir='ltr'><strong>allaborandum</strong></span> <span class='ocrx_word' id='word_1_98' title='bbox 874 1867 943 1906; x_wconf 87' lang='lat' dir='ltr'><strong>est</strong></span> <span class='ocrx_word' id='word_1_99' title='bbox 960 1863 1053 1906; x_wconf 89' lang='lat' dir='ltr'><strong>tibi.</strong></span> <span class='ocrx_word' id='word_1_100' title='bbox 1470 1878 1518 1911; x_wconf 76' lang='lat'><strong>20</strong></span> 
     </span>
    </p>
   </div>
   <div class='ocr_carea' id='block_1_5' title="bbox 1895 1558 1910 2042">
    <p class='ocr_par' dir='ltr' id='par_1_5' title="bbox 1895 1558 1910 2042">
     <span class='ocr_line' id='line_1_24' title="bbox 1895 1558 1910 2042; baseline 0 1194"><span class='ocrx_word' id='word_1_101' title='bbox 1895 1558 1910 2042; x_wconf 95' lang='lat' dir='ltr'><strong> </strong></span> 
     </span>
    </p>
   </div>
  </div>
 </body>
</html>
