1910 3236
290 202 499 246 INDEX
530 199 905 244 SATIRARUM
937 199 1017 242 ET
1047 195 1518 242 EPISTOLARUM.
1618 197 1704 242 733

278 315 490 356 Unndjms
462 314 719 356 ’61)1ρο5αι6,
735 313 871 346 C.ii.8.

278 357 701 400 Uxooepnupuislbycssc.
716 356 831 388 iii.l5.

279 399 894 441 Veloxmomumnepehuaetilem,
910 398 986 430 C.i.
1004 400 1055 436 17.

279 441 880 482 Τωιιιιιίιιιῒάιιίνοαιιιίἰᾱιιιιι,
896 441 934 472 C.
949 442 1020 474 i.9.

279 484 900 528 Vilepoubismodidsfflbinumssd
887 486 981 517 uzo.

239 549 241 551 ·
279 530 373 562 Vitas
386 529 540 561 hinnuleo
554 528 742 565 mosimilis,
757 527 913 564 chloes
916 527 961 558 .i.
977 528 1031 558 23.

279 572 355 605 Vixi
367 572 482 614 puellis
495 582 598 613 nuper
610 571 755 609 idoneus,
770 570 808 602 C.
823 570 869 601 iii.
884 549 938 602 26.

693 721 750 760 ῙῙ.
784 719 1134 759 SATIRARUM.

280 814 534 848 Ambubaiarum
548 815 690 855 collegia,
705 814 980 855 pharmacopolae,
994 813 1050 845 lib.
1062 814 1084 845 i.
1096 816 1128 846 2.

282 858 455 900 Bgrenmm
470 867 585 898 magna
599 868 651 888 me
665 858 789 898 excepit
803 857 909 888 Aricia
925 857 1038 894 Roma,
1053 857 1109 888 lib.
1125 857 1147 888 i.
1163 860 1195 890 5.

283 901 417 942 Eupolis
430 904 528 941 atque
542 901 691 932 Cratinus
706 900 998 941 Aristophanesque
1011 902 1137 940 poetae,
1151 900 1207 932 lib.
1223 900 1245 931 i.
1261 903 1293 933 4.

284 943 604 976 nocantinvotis:
626 943 1118 983 modusngrinonitamagnus,
1134 943 1188 974 lib.
1203 943 1237 974 ii.
1253 945 1285 975 6.

285 987 501 1028 Hocquoque
502 986 1085 1026 ,Bresiapnetex-namtapetenti,
1099 986 1251 1017 111).11.5.

284 1029 1018 1066 IbamforteviaSaoemsicutme-usestmos.
1033 1028 1090 1060 lib.
1104 1029 1127 1059 i.
1142 1031 1174 1061 9.

283 1072 482 1104 Jamdudum
496 1072 639 1103 ausculto
652 1076 686 1102 et
699 1071 830 1112 cupiens
843 1071 903 1102 tibi
917 1071 1020 1102 dicere
1034 1081 1152 1108 servus,
1167 1071 1223 1102 lib.
1237 1072 1271 1102 ii.
1287 1073 1319 1108 7.

284 1115 413 1156 Nempe
426 1115 637 1155 incomposito
651 1114 718 1145 dixi
731 1114 811 1155 pede
826 1124 950 1145 currere
962 1124 1083 1151 versus,
1097 1114 1152 1145 lib.
1167 1115 1190 1146 i.
1209 1115 1258 1146 10.

284 1158 363 1190 Non
377 1158 461 1199 quia,
476 1157 657 1194 Maecenas,
673 1157 835 1198 Lydorum
849 1157 1003 1198 quidquid
1018 1157 1179 1195 Etruscos,
1194 1157 1249 1189 lib.
1264 1158 1287 1189 i.
1302 1159 1335 1189 6.

286 1200 374 1233 Olim
388 1205 522 1232 truncus
535 1211 621 1231 enm
636 1201 785 1235 ficulnus
798 1200 912 1231 inutile
926 1201 1060 1240 liguum,
1074 1200 1131 1231 lib.
1146 1201 1168 1231 i.
1185 1202 1217 1232 8.

285 1243 446 1275 Omnibus
459 1243 521 1274 hoc
534 1244 647 1274 vitium
663 1247 712 1274 oet
726 1243 918 1279 cantoribus,
933 1244 1018 1274 inter
1029 1244 1159 1281 amicos,
1174 1243 1229 1275 lib.
1245 1244 1267 1274 i.
1279 1245 1311 1275 3.

285 1286 458 1327 Prusa-ipti
473 1287 569 1326 Regis
585 1286 694 1327 Rupili
708 1297 769 1327 pus
782 1290 880 1327 atque
893 1296 1063 1323 venenum,
1077 1286 1134 1317 lib.
1148 1266 1171 1317 i.
1188 1288 1219 1323 7.

289 1329 381 1364 Quae
393 1330 496 1360 virtus
509 1334 544 1360 et
557 1333 687 1370 quanm,
702 1329 790 1366 boni,
805 1329 848 1360 sit
861 1329 966 1360 vivere
979 1339 1088 1370 parvo,
1103 1329 1159 1360 lib.
1173 1330 1206 1361 ii.
1221 1332 1254 1361 2.

286 1372 353 1406 Qui
366 1373 415 1410 fit,
430 1372 612 1409 Maecenas,
626 1375 665 1403 ut
678 1382 784 1409 nemo,
800 1382 896 1413 quam
911 1372 972 1403 sibi
986 1376 1116 1409 sortem,
1131 1372 1188 1403 lib.
1202 1372 1225 1403 i.
1248 1373 1277 1403 1.

287 1415 342 1446 Sic
355 1425 426 1446 raro
440 1415 561 1451 scribis,
575 1419 613 1446 ut
626 1418 696 1446 tono
710 1425 776 1446 ιιοιι
790 1419 905 1456 quater
917 1425 1012 1452 anno,
1028 1415 1083 1446 lib.
1099 1416 1132 1446 ii.
1144 1417 1176 1448 3.

288 1457 383 1495 Sunt,
398 1458 515 1499 quibus
527 1459 563 1489 in
577 1459 674 1489 safira
686 1458 796 1489 videor
809 1458 904 1488 nimis
917 1468 991 1490 acer
1003 1461 1037 1489 et
1051 1458 1146 1495 ulus,
1160 1458 1216 1489 lib.
1231 1458 1265 1489 ii.
1284 1459 1314 1490 l.

288 1500 387 1532 Unde
400 1504 435 1532 ct
449 1511 513 1542 quo
528 1501 663 1532 Catius?
707 1501 784 1532 Non
798 1504 849 1532 est
862 1501 941 1531 mihi
955 1505 1085 1541 tempus
1098 1501 1216 1539 aventi,
1231 1501 1287 1533 lib.
1298 1502 1331 1532 ii.
1342 1503 1375 1533 4.

287 1543 338 1576 Ut
352 1543 518 1575 Nan‘dieni
528 1544 613 1584 juvit
625 1547 660 1575 te
673 1553 771 1575 coena
783 1543 879 1581 beati,
896 1543 953 1575 lib.
967 1544 1002 1575 ii.
1018 1546 1050 1575 8.

646 1693 725 1732 111.
755 1692 1174 1732 EPISTOLARUM.

287 1786 374 1824 Albi,
388 1789 571 1818 nostrorum
586 1796 770 1818 sermonum
784 1787 917 1818 candide
928 1787 1037 1826 judex,
1052 1786 1106 1817 lib.
1123 1787 1144 1817 i.
1160 1789 1192 1818 4.

290 1829 383 1861 Celso
398 1829 534 1869 gaudere
549 1832 583 1859 et
596 1829 679 1860 bene
692 1839 760 1860 rem
776 1840 884 1869 gerere
897 1829 1111 1866 Albinovano,
1126 1829 1182 1860 lib.
1197 1830 1219 1860 i.
1235 1831 1266 1861 8.

289 1871 373 1903 Cum
387 1875 437 1902 tot
451 1871 606 1902 sustineas
620 1876 654 1902 et
666 1876 757 1902 tanta
770 1874 897 1912 negotia
911 1873 1007 1908 solus,
1023 1872 1079 1902 lib.
1094 1872 1128 1902 ii.
1147 1873 1175 1902 l.

290 1914 395 1950 Flore,
410 1913 496 1944 bono
508 1914 655 1954 clamque
668 1915 771 1944 fidelis
785 1915 886 1945 amice
901 1915 1034 1951 Neroni,
1049 1914 1104 1944 lib.
1121 1915 1154 1945 ii.
1170 1917 1203 1946 2.

290 1956 461 1987 fiuctibus
474 1957 635 1997 Agrippae
650 1957 774 1993 Siculis,
789 1967 870 1997 quos
885 1958 1016 1997 colligis,
1033 1957 1109 1992 Icci,
1124 1957 1180 1987 lib.
1195 1958 1218 1988 i.
1236 1960 1286 1990 12.

291 1999 446 2030 Humano
461 1999 555 2039 capiti
570 2000 722 2030 cervicem
736 2000 839 2040 pictor
853 2001 1013 2040 equinam,
1029 2000 1069 2030 A.
1086 1999 1122 2030 P.

289 2042 358 2073 Juli
373 2041 476 2079 Flore,
492 2041 607 2082 quibus
620 2045 775 2072 ten-arum
791 2043 908 2073 militet
921 2043 996 2078 oris,
1011 2042 1068 2072 lib.
1082 2041 1104 2072 i.
1120 2043 1153 2073 3.

290 2085 344 2116 Ne
357 2085 564 2126 perconteris,
580 2085 699 2115 fundus
714 2094 814 2121 meus,
828 2086 949 2125 optime
965 2085 1106 2121 Quincti,
1118 2085 1173 2115 lib.
1188 2085 1210 2116 i.
1229 2086 1282 2117 16.

290 2127 348 2158 Nil
362 2128 509 2158 admirari
524 2137 624 2167 prope
637 2137 689 2158 ιω
703 2131 752 2157 oet
766 2137 841 2164 una,
856 2128 997 2164 Numici,
1012 2128 1067 2158 lib.
1084 2128 1106 2158 i.
1122 2129 1154 2158 6.

292 2170 400 2201 Prima
413 2170 497 2201 dicte
511 2171 601 2206 mihi,
617 2180 741 2200 summa
756 2170 886 2200 dicende
902 2170 1052 2207 Camena,
1067 2170 1123 2200 lib.
1138 2171 1161 2200 i.
1179 2171 1208 2201 1.

292 2213 400 2244 Prisco
414 2214 442 2243 si
457 2213 567 2250 credis,
583 2213 753 2243 Maecenas
768 2213 870 2250 docte,
886 2213 1027 2250 Cratino,
1042 2213 1098 2243 lib.
1114 2214 1136 2243 i.
1156 2215 1205 2245 19.

293 2256 386 2290 Quae
400 2256 442 2286 sit
456 2255 558 2286 hiems
572 2255 693 2291 Veliae,
709 2255 795 2295 quod
810 2256 942 2293 melum,
958 2256 1048 2295 Vala,
1066 2256 1198 2293 Salerni,
1212 2256 1270 2286 lib.
1285 2256 1308 2286 i.
1327 2258 1376 2287 15.

291 2299 456 2335 Quamvis,
473 2299 599 2335 Scaeva,
615 2299 691 2328 satis
706 2308 763 2338 per
777 2302 810 2329 te
823 2298 883 2328 tibi
897 2299 1035 2329 consulis
1049 2302 1082 2329 et
1097 2299 1167 2336 scis,
1182 2299 1238 2330 lib.
1254 2300 1276 2330 i.
1294 2301 1345 2335 17.

293 2341 380 2375 Quid
393 2341 452 2372 tibi
466 2342 533 2371 visa
547 2341 655 2377 Chios,
671 2341 800 2378 Bullati,
815 2344 956 2381 notaque
971 2341 1102 2379 Laebos,
1117 2342 1174 2373 lib.
1189 2342 1212 2373 i.
1232 2343 1281 2373 11.

293 2384 444 2424 Quinque
458 2384 525 2414 dioe
540 2384 598 2414 tibi
613 2384 771 2424 pollicitus
785 2394 837 2414 me
851 2394 924 2415 rure
938 2384 1093 2421 futurum,
1108 2385 1164 2415 lib.
1179 2385 1201 2415 i.
1218 2386 1250 2421 7.

293 2427 477 2466 Septimius,
493 2427 617 2462 Claudi,
634 2427 783 2456 nimirum
797 2427 944 2467 intelligit
958 2437 1053 2464 unus,
1067 2427 1124 2458 lib.
1139 2428 1162 2458 i.
1177 2430 1209 2460 9.

293 2469 328 2499 Si
343 2469 424 2499 bene
437 2472 470 2499 te
485 2469 569 2505 novi,
585 2472 719 2506 metues,
735 2469 894 2500 liberrimo
908 2470 1003 2507 Lolli,
1018 2470 1074 2500 lib.
1089 2471 1111 2501 i.
1130 2472 1181 2502 18.

294 2511 328 2542 Si
342 2515 434 2552 potes
448 2512 611 2542 Archiacis
625 2512 755 2542 conviva
768 2512 952 2543 recumbere
966 2513 1066 2550 lectis,
1082 2513 1138 2544 lib.
1153 2513 1175 2543 i.
1190 2515 1223 2544 5.

293 2554 425 2593 Trojani
438 2553 514 2584 belli
528 2554 725 2594 scriptorem,
743 2556 880 2586 maxime
895 2555 990 2592 Lolli,
1005 2556 1061 2586 lib.
1076 2556 1098 2586 i.
1115 2558 1146 2587 2.

294 2596 394 2627 Urbis
408 2600 582 2627 amatorem
598 2597 734 2628 Fuscum
750 2599 869 2629 salvere
879 2598 1040 2638 jubemus,
1055 2598 1111 2630 lib.
1126 2599 1148 2629 i.
1167 2600 1218 2630 lo.

294 2639 343 2670 Ut
358 2640 609 2679 proficiscentem
624 2640 718 2671 docui
732 2644 765 2671 te
780 2651 873 2681 saepe
887 2641 1015 2682 diuque,
1031 2641 1086 2672 lib.
1101 2642 1123 2672 1.
1142 2643 1192 2672 13.

293 2682 507 2712 Vertumnum
522 2682 717 2723 Janumque,
732 2683 822 2720 liber,
838 2688 979 2724 spectare
993 2684 1118 2721 videris,
1133 2684 1188 2714 lib.
1204 2685 1225 2714 i.
1242 2686 1296 2716 20.

293 2725 395 2755 Vilice
410 2725 555 2756 silvarum
572 2728 604 2755 et
619 2726 695 2755 mibi
711 2736 762 2756 me
776 2727 936 2757 reddentis
951 2727 1053 2766 agelli,
1068 2727 1124 2757 lib.
1140 2727 1161 2756 i.
1180 2729 1229 2758 14.
