1910 3236
652 229 1003 273 OARMINUM
1036 231 1073 274 Ι.
1105 234 1173 274 12.

1652 233 1709 276 33

273 369 276 371 v
343 345 480 399 QUEM
500 315 635 387 virum
653 350 730 388 aut
748 345 878 387 heroa
896 345 986 400 lyra
1005 345 1070 387 vel
1089 345 1178 387 acri

342 410 464 453 Tibia
483 410 615 452 sumis
634 410 858 462 celebrare,
882 409 985 461 Clio,

342 476 478 530 Quem
498 477 623 518 deum
637 477 651 519 3

397 541 562 584 Nomen
580 541 719 598 imago

711 475 842 533 Cujus
862 475 1024 519 recinet
1037 477 1188 532 jocosa

340 606 434 650 Aut
453 607 494 649 in
515 607 725 650 umbrosis
746 607 966 649 Heliconis
986 606 1072 649 oris
1454 620 1474 650 5

341 672 435 715 Aut
453 688 580 730 super
602 673 751 724 Pindo,
774 673 965 730 gelidove
986 672 1029 714 in
1052 672 1220 714 Haemo

340 736 468 780 Unde
489 739 674 780 vocalem
693 744 853 781 temere
873 738 1090 780 insecutae

396 803 567 860 Orphea
587 805 715 846 silvae

339 868 450 911 Arte
468 875 661 912 materna
679 870 851 926 rapidos
869 874 1106 911 morantem

340 934 581 976 Fluminum
600 936 743 992 lapsus
763 936 1002 991 celeresque
1019 939 1180 986 ventos,

1433 947 1475 977 10

339 999 549 1042 Blandum
568 1007 614 1043 et
631 1001 793 1043 auritas
811 1000 966 1042 fidibus
987 999 1152 1042 canoris

395 1066 563 1109 Ducere
582 1068 788 1123 quercus?

339 1131 451 1185 Quid
470 1132 586 1188 prius
606 1132 743 1174 dicam
764 1131 899 1174 solitis
918 1131 1108 1187 parentis

340 1197 568 1250 Laudibus,
591 1198 662 1254 qui
682 1212 750 1239 res
770 1196 984 1238 hominum
1003 1211 1053 1238 ac
1074 1197 1261 1246 deorum,

341 1263 423 1316 Qui
441 1278 558 1305 mare
577 1278 628 1305 ac
647 1268 786 1305 terras
805 1262 1013 1318 variisque
1032 1262 1236 1303 mundum

397 1329 624 1384 Temperat
643 1328 758 1370 horis
772 1330 787 1370 Ξ

1433 1273 1473 1303 15

339 1392 468 1436 Unde
487 1394 544 1435 nil
563 1394 700 1450 majus
719 1397 947 1450 generatur
965 1392 1070 1448 ipso,

338 1458 430 1518 Nec
449 1459 565 1516 viget
584 1460 813 1516 quidquam
833 1458 967 1500 simile
987 1463 1063 1500 aut
1083 1457 1340 1500 secundum:

339 1523 564 1566 Proximos
584 1525 641 1566 illi
661 1530 805 1567 tamen
825 1523 1048 1580 occupavit

397 1589 539 1632 Pallas
558 1591 752 1633 honores.

1430 1601 1474 1629 20

340 1655 518 1698 Proeliis
538 1657 678 1698 audax
697 1670 833 1711 neque
852 1660 897 1696 te
918 1654 1050 1696 silebo

339 1721 467 1763 Liber
486 1726 531 1763 et
550 1721 686 1763 saevis
705 1720 873 1762 inimica
894 1720 1030 1776 Virgo

153 1853 186 1882 2.
206 1853 308 1883 nmis
330 1853 518 1893 eelebrare,]
567 1852 679 1884 SeeC.
698 1853 719 1883 i.
746 1853 775 1883 l.
799 1853 830 1889 8,
846 1862 879 1882 ιι.

113 1892 238 1924 Horace
259 1895 390 1926 invokes
412 1895 467 1926 the
490 1896 603 1926 Muses
626 1896 759 1926 without
785 1894 881 1925 much

112 1935 380 1975 discrimination;
401 1938 460 1968 but
482 1938 552 1969 Clio
573 1939 601 1969 is
615 1942 674 1969 not
687 1938 881 1978 improperly

110 1978 248 2010 invoked
270 1979 346 2010 here
371 1990 406 2010 as
430 1981 486 2010 the
512 1991 602 2011 muse
626 1981 663 2011 of
683 1981 817 2020 history,
847 1983 882 2010 to

111 2020 216 2052 which
229 2021 285 2052 the
298 2031 407 2053 names
421 2023 458 2052 of
475 2023 530 2052 the
547 2023 695 2054 wortbiae
708 2022 882 2053 recounted

111 2061 240 2113 belong.
284 2063 426 2104 Calliope
435 2065 491 2095 the
506 2065 586 2105 Epic
601 2075 690 2095 muse
703 2065 731 2095 is
745 2064 882 2095 invoked

113 2105 152 2137 C.
166 2106 212 2136 iii.
226 2107 259 2137 4.
275 2108 313 2144 2·
337 2107 544 2147 Melpomene
557 2108 613 2138 the
628 2108 728 2147 tragic
742 2108 770 2137 is
783 2107 882 2137 asked

112 2148 162 2180 for
175 2158 196 2179 a
209 2149 319 2189 dirge‘
309 2159 332 2181 1.
347 2152 400 2191 24.
415 2151 456 2188 3;
479 2150 620 2190 Euterpe
635 2150 699 2180 aud
715 2150 882 2190 Polymnia

111 2190 168 2222 the
195 2201 311 2232 proper
338 2192 418 2232 lyric
444 2203 551 2223 muses
585 2203 680 2223 occur
713 2193 735 2222 i.
769 2194 797 2223 1.
827 2193 880 2223 33.

113 2233 263 2274 ‘mago’
286 2235 314 2265 is
338 2236 416 2266 used
439 2235 617 2276 absolutely
646 2236 696 2266 for
717 2235 774 2266 the
802 2234 882 2265 echo

112 2275 178 2318 (for
190 2277 293 2308 which
306 2277 363 2308 the
378 2278 519 2309 Romans
534 2246 617 2309 hady
612 2288 655 2309 no
673 2277 880 2318 correspond-

110 2319 167 2359 ing
179 2318 276 2361 term)
291 2320 335 2360 by
350 2320 471 2358 Cicero,
486 2321 582 2352 Tusc.
597 2322 641 2352 iii.
658 2324 723 2353 22⁴
728 2320 880 2362 ‘eaoaus

110 2361 281 2404 bonorum)
296 2363 405 2394 virtuti
418 2367 546 2394 resonat
567 2367 719 2414 tanquam
740 2365 855 2403 imago.
859 2362 880 2377 ’⁷

109 2404 213 2445 Virgil
237 2405 323 2445 gives
348 2406 406 2437 the
426 2406 485 2437 full
502 2408 686 2447 expression
701 2407 815 2447 Georg.
838 2407 879 2437 iv.

89 2449 214 2487 ,5⁰2¹
218 2448 399 2489 ‘Vocisque
428 2450 549 2481 offensa
577 2450 711 2481 resultat
738 2448 880 2490 imagol'

110 2489 173 2521 See
186 2490 222 2522 C.
237 2491 259 2521 i.
275 2493 328 2523 20.
345 2493 376 2522 8.

156 2533 206 2565 15.
228 2535 388 2574 variisque
399 2535 567 2576 mundum]
594 2534 791 2566 ‘Mundum'
806 2536 883 2566 here

110 2576 620 2618 signifiestheskyasinGeorg.
636 2579 657 2608 i.
674 2580 758 2610 240·
759 2596 804 2601 -

111 2634 288 2666 “Mundus
320 2638 357 2666 ut
391 2637 433 2667 ad
462 2637 623 2678 Scythiam
661 2638 883 2679 Rhipaeasque

185 2678 301 2708 arduus
315 2689 402 2710 arces

141 2720 352 2794 Qxffiffots’n
353 2722 509 2762 premitur
529 2722 650 2764 Libyae
681 2723 819 2753 devexus
847 2724 880 2754 in

108 2813 183 2844 And
198 2814 326 2845 Lucret.
341 2825 372 2846 ι.
391 2816 493 2846 1436·
485 2833 538 2846 .—

110 2875 132 2891 “
143 2873 189 2904 At
203 2873 311 2946 vligilffl
333 2875 444 2906 mundi
462 2886 613 2916 magnum
627 2875 777 2907 versatili’
795 2878 878 2907 tem-

142 2926 334 2991 Solpeiznlluna
347 2969 405 2991 suo
418 2960 590 2993 lustrantes
597 2961 718 2993 lumine
726 2960 880 2993 circum.’'

971 1851 1021 1887 17.
1053 1852 1138 1882 unde
1163 1852 1212 1882 m'l
1236 1850 1357 1891 majus]
1424 1849 1560 1882 ‘Unde'
1590 1859 1702 1881 occurs

925 1894 1044 1925 several
1057 1895 1151 1925 times
1165 1895 1199 1924 in
1215 1893 1342 1924 Horace
1363 1902 1398 1923 as
1413 1893 1566 1932 referring
1580 1895 1614 1923 to
1629 1902 1702 1932 per-

925 1947 1001 1967 sons
1017 1936 1084 1977 (see
1107 1935 1237 1977 Index).
1283 1935 1343 1965 See
1364 1935 1432 1966 also
1454 1945 1571 1974 among
1592 1935 1702 1965 others

927 1979 1037 2010 Cicero
1058 1979 1099 2010 de
1122 1980 1246 2010 Senect.
1269 1979 1300 2009 4.
1321 1979 1380 2009 12:
1405 1981 1425 1995 ¹⁴
1439 1977 1507 2008 fore
1527 1977 1614 2008 unde
1635 1977 1700 2008 dis·

925 2031 1028 2052 cerem
1050 2020 1246 2052 neminem.”
1290 2020 1421 2051 Terent.
1445 2020 1529 2050 Eun.
1550 2020 1572 2050 i.
1589 2022 1619 2051 2.
1635 2021 1698 2051 35;

926 2064 988 2094 “E
1014 2064 1227 2104 praedonibus
1255 2063 1341 2093 unde
1363 2066 1484 2093 emerat
1512 2073 1547 2093 ae
1575 2062 1700 2095 audisse

925 2106 1083 2137 dicebatl'
1129 2113 1135 2118 ’

971 2150 1020 2181 19.
1044 2149 1235 2188 Proximos]
1282 2148 1361 2178 This
1377 2147 1547 2188 signifying
1556 2148 1613 2178 the
1621 2150 1700 2180 next

924 2191 959 2222 in
973 2191 1067 2222 order
1081 2192 1217 2222 without
1231 2190 1391 2221 reference
1412 2195 1447 2221 to
1467 2190 1608 2222 distance
1622 2190 1700 2222 does

925 2237 983 2265 not
998 2234 1175 2265 contradict
1191 2233 1278 2264 what
1291 2243 1368 2273 goes
1389 2232 1509 2264 before.
1555 2236 1564 2251 ⁴
1578 2233 1699 2265 Secun-

925 2276 1019 2308 dum’
1046 2287 1155 2307 means
1181 2277 1265 2307 close
1289 2276 1473 2316 proximity.
1527 2276 1607 2307 This
1635 2277 1700 2308 will

924 2330 1041 2360 appear
1064 2329 1153 2350 more
1177 2319 1297 2359 plainly
1320 2318 1403 2349 from
1419 2319 1530 2350 Cicero
1549 2317 1697 2360 (Brutus,

923 2362 980 2404 47)
993 2375 1001 2393 :
1018 2366 1039 2380 ⁴⁴
1052 2362 1189 2393 Duobus
1203 2363 1300 2402 igitur
1310 2361 1442 2392 summis
1453 2361 1567 2393 Crasso
1582 2365 1616 2393 et
1628 2362 1698 2394 An·

923 2406 1013 2436 tonio
1036 2406 1074 2436 L.
1094 2406 1260 2445 Philippus
1281 2405 1425 2444 proxime
1445 2404 1625 2442 accedebat,
1642 2405 1699 2436 sed

923 2449 1019 2488 longo
1044 2448 1211 2479 intervallo
1231 2451 1339 2478 tamen
1361 2447 1535 2487 proximus.
1584 2447 1700 2489 Itaque

925 2502 999 2522 eum
1014 2492 1075 2522 etsi
1088 2501 1183 2522 nemo
1205 2489 1412 2521 antecedebat
1429 2490 1484 2530 qui
1498 2499 1533 2520 se
1546 2490 1592 2520 illi
1607 2495 1697 2522 ante-

925 2534 1022 2565 ferret
1047 2544 1151 2574 neque
1176 2533 1350 2564 secundum
1372 2537 1482 2563 tamen
1504 2542 1609 2573 neque
1629 2536 1698 2564 ter-

924 2578 1005 2608 tium
1020 2577 1163 2607 dixerim.
1209 2576 1266 2606 Me
1288 2576 1373 2606 enim
1395 2575 1429 2605 in
1449 2575 1608 2615 quadrigis
1622 2586 1696 2607 eum

926 2620 1100 2651 secundum
1122 2618 1366 2654 numeraverim,
1388 2620 1445 2648 aut
1475 2618 1616 2656 tertium,
1641 2619 1698 2660 qui

923 2664 976 2693 vix
988 2673 1006 2693 e
1017 2662 1192 2693 carceribus
1202 2661 1312 2691 exierit
1323 2670 1395 2692 cum
1405 2661 1543 2700 palmam
1551 2661 1618 2700 jam
1630 2662 1696 2702 pri-

924 2716 995 2736 mus
1009 2705 1183 2744 acceperit3
1206 2714 1265 2734 nec
1286 2703 1320 2733 in
1335 2703 1523 2740 oratoribus,
1547 2704 1603 2744 qui
1623 2708 1695 2735 tan-

923 2751 991 2778 tum
1007 2747 1090 2778 absit
1104 2757 1124 2777 a
1137 2748 1240 2787 primo
1255 2746 1307 2776 vix
1322 2749 1359 2776 ut
1373 2746 1406 2775 in
1418 2746 1531 2778 eodem
1540 2747 1695 2778 curriculo

922 2801 990 2821 esse
1004 2788 1180 2820 videaturl’
1225 2788 1329 2819 Pallas
1347 2788 1376 2819 is
1398 2789 1464 2819 said
1485 2792 1520 2820 to
1542 2789 1619 2820 hold
1640 2790 1696 2821 the

922 2837 999 2863 next
1017 2833 1106 2872 place
1127 2836 1162 2862 to
1183 2831 1322 2871 Jupiter,
1344 2833 1403 2862 not
1433 2831 1610 2872 absolutely
1635 2832 1696 2863 but

921 2886 1040 2914 among
1065 2875 1157 2905 those
1184 2877 1192 2891 ⁴
1205 2874 1260 2914 qui
1290 2877 1480 2914 generantur
1510 2873 1604 2916 ipso,’
1630 2875 1695 2906 and

923 2919 999 2960 only
1013 2918 1104 2949 these
1117 2927 1171 2948 are
1186 2916 1379 2948 mentioned.

1438 3015 1464 3042 D
