1910 3236
238 210 320 254 732

736 209 945 251 INDEX
977 209 1344 254 CARMINUM.

409 324 602 355 Miserarum
618 325 667 354 est
681 333 786 365 neque
800 324 902 355 amori
916 324 992 355 dare
1004 324 1117 356 ludum
1131 334 1236 366 neque
1249 325 1347 365 dulci,
1364 326 1402 358 C.
1417 326 1462 358 iii.
1483 327 1534 358 12.

408 367 519 398 Mollis
533 367 649 397 inertia
663 377 719 398 cur
733 369 857 397 tantam
872 367 1034 398 diffuderit
1048 368 1131 406 imis,
1147 368 1251 409 Epod.
1266 369 1330 400 xiv.

408 410 574 441 Montium
589 413 696 440 custos
712 420 952 451 nemorumque,
968 410 1077 451 Virgo,
1094 411 1131 442 C.
1146 411 1191 442 iii.
1207 413 1261 443 22.

408 453 538 484 Motum
553 463 593 484 ex
608 452 742 484 Metello
757 454 886 484 consule
901 453 1044 490 civicum,
1061 453 1098 485 C.
1110 454 1143 484 ii.
1163 456 1192 486 l.

391 522 394 525 .
407 496 513 527 Musis
527 497 647 527 amicus
661 497 823 527 tristitiam
838 500 870 527 et
884 500 999 533 metus,
1015 496 1052 527 C.
1067 497 1089 527 i.
1105 498 1158 528 26.

406 539 502 570 Natis
517 539 550 570 in
564 549 660 570 usum
674 539 813 570 laetitiae
827 539 965 580 scyphis,
981 539 1018 571 C.
1030 540 1051 570 i.
1068 541 1121 576 27.

407 583 460 613 Ne
474 582 558 613 forte
572 582 681 613 credas
695 582 873 620 interitura,
890 593 981 623 quae,
998 582 1036 614 C.
1051 583 1094 613 iv.
1111 584 1142 614 9.

406 625 460 657 Ne
475 625 517 656 sit
531 625 663 656 ancillae
676 625 737 656 tibi
751 635 840 656 amor
854 625 979 666 pudori,
996 625 1034 656 C.
1050 626 1082 656 ii.
1100 628 1131 656 4.

406 668 501 700 Nolis
515 668 612 708 longa
625 668 710 699 ferae
725 668 809 698 bella
822 668 1028 706 Numantiae,
1046 668 1083 700 C.
1099 668 1132 699 ii.
1152 670 1202 700 12.

406 711 562 742 Nondum
577 711 708 742 subacta
721 711 804 742 ferre
815 711 929 751 jugum
945 711 1041 749 valet,
1058 711 1096 743 C.
1111 712 1144 743 ii.
1160 714 1193 742 5.

406 755 484 786 Non
499 754 579 785 ebur
592 764 697 795 neque
711 764 853 791 aureum,
870 754 907 785 C.
923 754 956 784 ii.
976 755 1026 785 18.
1067 772 1069 774 -

406 798 483 828 Νοιι
499 807 624 838 semper
637 797 755 828 imbres
769 797 909 827 nubibus
922 797 1075 837 hispidos,
1091 796 1129 828 C.
1144 797 1178 828 ii.
1194 799 1226 830 9.

405 840 483 872 Non
497 841 616 871 usitata
629 850 689 870 nec
702 841 792 871 tenui
806 839 899 877 ferar,
916 840 954 871 C.
970 840 1003 870 ii.
1019 841 1074 871 20.

404 883 482 914 Non
495 883 595 920 vides,
612 885 733 924 quanto
748 892 874 913 moveas
889 883 1018 922 periclo,
1035 882 1071 913 C.
1088 882 1133 913 iii.
1145 884 1199 914 20.

402 927 480 958 Nox
495 930 563 957 erat
577 930 611 957 et
625 926 711 957 caelo
727 925 869 965 fulgebat
885 926 978 956 Luna
992 935 1115 963 sereno,
1132 925 1236 965 Epod.
1250 936 1304 958 xv.

402 970 546 1006 Nullam,
562 969 657 1006 Vare,
674 979 763 999 sacra
776 969 840 999 vite
855 969 942 1008 prius
958 969 1073 999 severis
1087 968 1244 1007 arborem,
1260 968 1299 1001 C.
1314 968 1335 1000 ι.
1354 970 1406 1001 18.

404 1013 523 1044 Nullus
537 1016 669 1052 argento
685 1012 771 1042 color
785 1014 834 1042 est
848 1011 961 1048 avaris,
978 1011 1016 1042 C.
1031 1011 1064 1042 ii.
1080 1013 1111 1042 2.

402 1056 500 1087 Nunc
514 1059 563 1086 est
579 1055 762 1092 bibendum,
778 1064 865 1085 nunc
878 1054 960 1094 pede
974 1053 1085 1092 libem,
1102 1054 1139 1086 C.
1155 1054 1177 1085 i.
1194 1055 1247 1091 37.

403 1099 434 1130 Ο
450 1098 585 1129 crudelis
600 1098 705 1128 adhuc
719 1101 753 1129 et
769 1098 901 1128 Veneris
916 1097 1101 1128 muneribus
1115 1101 1241 1138 potens,
1257 1096 1296 1129 C.
1310 1097 1352 1129 iv.
1373 1098 1423 1129 10.

403 1142 434 1173 Ο
449 1142 531 1178 diva,
547 1144 674 1181 gratum
690 1151 771 1182 quae
785 1141 868 1180 regis
882 1140 1028 1178 Antium,
1044 1140 1082 1172 C.
1097 1141 1119 1171 i.
1135 1141 1189 1172 35.

401 1185 432 1217 O
447 1185 518 1215 fons
534 1185 724 1222 Bandusiae,
740 1183 934 1224 splendidior
946 1183 1039 1220 vitro,
1056 1183 1093 1215 C.
1108 1184 1153 1215 iii.
1171 1185 1223 1216 13.

401 1229 432 1260 O
448 1231 549 1259 matre
564 1228 697 1268 pulchra
710 1227 776 1257 filia
790 1227 962 1267 pulchrior,
979 1226 1016 1258 C.
1032 1227 1053 1257 i.
1074 1228 1123 1258 16.

401 1272 432 1303 O
447 1275 525 1302 nata
539 1281 664 1301 mecum
680 1271 810 1301 consule
825 1270 959 1307 Manlio,
977 1270 1013 1301 C.
1030 1270 1074 1300 iii.
1091 1271 1144 1301 21.

402 1315 433 1347 Ο
448 1315 548 1351 navis,
563 1314 702 1345 referent
717 1314 751 1344 in
766 1323 853 1344 mare
867 1316 901 1344 te
915 1313 1000 1350 novi,
1018 1313 1055 1344 C.
1070 1313 1092 1343 i.
1111 1314 1162 1344 14.

400 1358 431 1390 Ο
448 1368 541 1398 saepe
557 1367 682 1388 mecum
696 1360 824 1397 tempus
839 1357 873 1386 in
887 1356 1047 1393 ultimum,
1065 1355 1104 1387 C.
1118 1356 1152 1386 ii.
1168 1357 1200 1393 7.

399 1402 430 1433 Ο
445 1401 568 1436 Venus,
582 1401 692 1440 regina
707 1400 801 1431 Cnidi
817 1400 990 1440 Paphique,
1008 1399 1045 1430 C.
1061 1399 1083 1429 i.
1099 1400 1153 1431 30.

399 1445 464 1476 Odi
479 1443 648 1484 profanum
662 1443 775 1483 vulgus
791 1446 823 1473 et
837 1453 940 1480 arceo,
957 1442 994 1473 C.
1010 1442 1054 1472 iii.
1074 1443 1103 1473 l.

399 1487 513 1519 Otium
529 1487 619 1517 divos
633 1490 724 1526 rogat
739 1486 773 1516 in
787 1489 928 1526 patente,
946 1485 982 1516 C.
999 1485 1031 1515 ii.
1051 1486 1101 1516 16.

399 1530 528 1561 Parcius
541 1530 668 1569 junctas
684 1530 832 1569 quatiunt
846 1528 1010 1565 fenestras,
1027 1528 1064 1559 C.
1080 1528 1102 1558 i.
1119 1529 1172 1558 25.

398 1573 515 1604 Parcus
531 1572 662 1602 deorum
678 1572 781 1602 cultor
796 1574 829 1601 et
842 1570 1037 1611 insi-equen5‚
1054 1570 1090 1601 C.
1106 1567 1128 1600 i.
1144 1571 1197 1601 34.

397 1616 541 1647 Parentis
556 1615 632 1646 olim
649 1614 675 1645 si
689 1615 760 1655 quis
774 1614 872 1654 impia
887 1624 994 1651 manu,
1010 1613 1114 1653 Epod.
1129 1613 1174 1643 iii.

398 1659 511 1690 Pastor
525 1668 598 1689 cum
613 1658 755 1689 traheret
769 1667 826 1698 per
841 1657 921 1687 freta
935 1656 1079 1693 navibus,
1095 1656 1132 1687 C.
1148 1656 1171 1687 i.
1189 1657 1239 1687 15.

397 1702 539 1733 Persicos
553 1701 616 1738 odi,
631 1711 722 1741 puer,
737 1703 919 1741 apparatus,
936 1699 973 1731 C.
989 1699 1011 1730 i.
1028 1701 1080 1730 38.

397 1745 493 1782 Petti,
509 1745 590 1775 nihil
605 1754 657 1775 me
672 1744 753 1774 sicut
766 1747 861 1774 antea
872 1743 973 1783 juvat,
986 1742 1092 1782 Epod.
1107 1742 1150 1772 xi.

397 1788 527 1819 Phoebe
541 1788 755 1828 silvarumque
770 1790 884 1827 potens
899 1786 1013 1822 Diana,
1031 1785 1139 1816 earm.
1155 1784 1226 1816 Sec.

398 1831 547 1862 Phoebus
561 1831 720 1862 volentem
735 1829 856 1870 proelia
870 1839 922 1860 me
936 1828 1035 1869 loqui,
1052 1827 1090 1859 C.
1106 1828 1147 1859 iv.
1166 1829 1218 1859 15.

398 1874 572 1905 Pindarum
587 1873 730 1915 quisquis
745 1872 853 1903 studet
866 1872 1029 1908 aemulari,
1045 1870 1083 1902 C.
1098 1871 1139 1901 iv.
1155 1873 1188 1902 2.

396 1918 572 1949 Poscimur.
618 1916 652 1947 Si
667 1916 745 1956 quid
757 1916 849 1946 vacui
863 1914 922 1945 sub
937 1914 1061 1951 umbra,
1077 1913 1115 1945 C.
1130 1914 1152 1944 i.
1169 1915 1223 1945 32.

398 1962 490 1995 Quae
504 1970 580 1991 cura
593 1963 721 1999 patrum
738 1968 858 1999 quaeve
873 1958 1058 1994 Quiritium,
1074 1956 1111 1988 C.
1127 1957 1168 1987 iv.
1188 1957 1239 1987 14.

398 2004 535 2038 Qualem
550 2003 731 2033 ministrum
746 2001 890 2032 fulminis
904 2001 1024 2037 alitem,
1041 2000 1078 2032 C.
1094 2000 1137 2031 iv.
1152 2000 1185 2031 4.

397 2047 534 2081 Quando
548 2049 714 2086 repostum
730 2045 913 2076 Caecubum
928 2044 969 2074 ad
983 2043 1080 2074 festas
1095 2043 1202 2084 dapes,
1218 2041 1322 2083 Epod.
1337 2042 1382 2073 ix.

397 2091 563 2124 Quantum
579 2089 675 2119 distet
689 2089 729 2119 ab
746 2088 877 2125 Inacho,
894 2087 931 2119 C.
947 2087 990 2117 iii.
1010 2088 1061 2119 19.

397 2134 503 2167 Quem
518 2135 564 2170 tu,
581 2132 798 2172 Melpomene,
815 2131 924 2167 semel,
942 2130 980 2161 C.
996 2130 1038 2160 iv.
1055 2131 1086 2161 3.

396 2177 502 2210 Quem
513 2176 616 2206 virum
631 2178 687 2205 aut
700 2175 798 2205 heroa
812 2175 879 2215 lyra
893 2174 944 2204 vel
958 2173 1033 2210 acri,
1050 2172 1087 2203 C.
1102 2172 1125 2202 i.
1143 2173 1194 2203 12.

396 2219 483 2254 Quid
498 2219 665 2249 bellicosus
681 2217 841 2248 Cantaber
856 2220 888 2247 et
905 2216 1049 2256 Scythes,
1065 2214 1103 2246 C.
1118 2215 1152 2245 ii.
1172 2215 1222 2246 ll.

397 2262 484 2296 Quid
499 2262 679 2292 dedicatum
694 2261 798 2300 poscit
811 2260 1005 2300 Apollinem,
1023 2258 1060 2289 C.
1076 2258 1098 2288 i.
1114 2258 1168 2288 31.

396 2306 483 2339 Quid
498 2306 566 2342 fles,
583 2304 717 2340 Asterie,
734 2313 830 2344 quem
845 2302 904 2333 tibi
919 2301 1054 2338 candidi,
1071 2300 1108 2332 C.
1124 2300 1167 2330 iii.
1185 2300 1216 2336 7.

397 2349 482 2383 Quid
498 2348 700 2378 immerentes
715 2347 857 2386 hospites
872 2355 977 2381 vexas,
994 2344 1090 2380 canis,
1108 2343 1213 2383 Epod.
1226 2342 1269 2373 vi.

396 2392 482 2426 Quid
497 2391 556 2422 tibi
570 2391 628 2426 vis,
644 2390 757 2420 mulier
771 2389 868 2429 nigris
883 2387 1066 2428 dignissima
1080 2386 1191 2423 barris,
1207 2385 1310 2426 Epod.
1325 2384 1381 2416 xii.

396 2435 477 2469 Quis
492 2434 646 2464 desiderio
662 2433 703 2463 sit
718 2432 821 2472 pudor
835 2435 891 2462 aut
906 2430 1029 2467 modus,
1046 2429 1084 2460 C.
1099 2429 1121 2459 i.
1138 2430 1191 2460 24.

396 2478 477 2512 Quis
493 2477 593 2507 multa
607 2476 731 2516 gracilis
745 2479 778 2505 te
792 2485 873 2515 puer
886 2474 920 2504 in
934 2483 1017 2510 rosa,
1034 2472 1074 2507 C.
1086 2472 1109 2502 i.
1125 2474 1156 2502 5.

396 2521 470 2555 Quo
485 2530 546 2556 me,
563 2519 698 2555 Bacche,
714 2518 798 2558 rapis
812 2518 871 2554 tui,
889 2517 926 2548 C.
941 2516 984 2547 iii.
1002 2518 1054 2546 25.

396 2564 480 2600 Quo,
497 2572 560 2603 quo
575 2562 699 2592 scelesti
713 2561 803 2591 ruitis
817 2561 829 2590 ?
852 2562 908 2590 aut
923 2569 979 2590 cur
993 2557 1141 2594 dexteris,
1158 2556 1261 2598 Epod.
1277 2556 1331 2587 vii.

395 2607 526 2638 Rectius
541 2606 637 2642 vives,
654 2604 767 2641 Licini,
783 2613 887 2643 neque
901 2603 1012 2639 altum,
1029 2601 1066 2632 C.
1082 2601 1115 2631 ii.
1135 2601 1185 2631 10.

395 2650 521 2690 Rogare
535 2649 630 2688 longo
644 2647 789 2687 putidam
803 2649 836 2676 te
851 2645 968 2682 seculo,
985 2644 1088 2684 Epod.
1104 2643 1168 2674 viii.

395 2692 547 2724 Scriberis
561 2691 658 2721 Vario
672 2690 763 2720 fortis
778 2692 811 2720 et
825 2689 975 2726 hostium,
992 2687 1030 2718 C.
1045 2687 1067 2717 i.
1084 2688 1116 2718 6.

394 2735 540 2776 Septimi,
558 2734 662 2765 Gades
677 2733 799 2763 aditure
814 2741 939 2762 mecum
954 2734 997 2768 et,
1015 2730 1052 2761 C.
1068 2729 1101 2760 ii.
1117 2729 1149 2760 6.

394 2779 446 2810 Sic
460 2782 492 2809 te
507 2778 579 2808 diva
593 2780 707 2817 potens
723 2775 830 2816 Cypri,
848 2774 885 2806 C.
900 2774 921 2804 i.
938 2775 970 2805 3.

395 2822 536 2852 Solvitur
550 2820 630 2850 acris
645 2819 748 2849 hiems
763 2822 853 2858 grata
866 2817 935 2848 vioe
950 2816 1031 2846 veris
1047 2817 1079 2845 et
1094 2813 1223 2851 Favoni,
1241 2812 1278 2844 C.
1294 2813 1316 2844 ι.
1332 2814 1364 2844 4.

393 2865 441 2895 Te
456 2863 550 2894 maris
566 2866 599 2893 et
612 2865 715 2893 terrae
730 2870 926 2900 numeroque
941 2858 1077 2890 carentis
1091 2866 1215 2893 arenae,
1233 2856 1270 2887 C.
1286 2855 1308 2886 i.
1325 2857 1378 2886 28.

392 2907 443 2938 Tu
458 2917 499 2937 ne
514 2905 693 2946 quaesieris,
710 2904 789 2935 scire
803 2903 902 2940 nesae,
919 2911 1014 2942 quem
1028 2900 1117 2937 mihi,
1133 2909 1228 2940 quem
1242 2898 1311 2937 tibi,
1328 2897 1365 2929 C.
1380 2897 1402 2928 i.
1420 2897 1472 2928 11.

393 2949 559 2988 Tyrrhena
573 2957 683 2988 regum
699 2947 875 2988 progenieS,
891 2945 960 2982 tibi,
978 2943 1015 2975 C.
1030 2943 1074 2974 iii.
1091 2943 1144 2973 29.

1699 0 1714 3 Α,
1735 2 1750 19 3
1770 0 1892 36 33:⁴33&
