1910 3236
594 231 849 276 EPODON
881 231 1084 283 LIBER,
1116 234 1185 274 12.
1610 233 1695 275 303

264 347 395 390 Unde
413 346 611 404 expedire
629 361 715 388 non
733 345 968 388 amicorum
986 350 1145 401 queant
1476 357 1521 388 25

323 413 479 454 Libera
497 411 671 454 consilia
689 425 769 453 nec
790 410 1069 452 contumeliae
1088 425 1254 467 graves,

265 477 350 520 Sed
368 477 476 519 alius
493 477 621 518 ardor
639 481 716 518 aut
735 475 898 532 puellae
917 475 1121 517 candidae

320 541 416 584 Aut
434 540 586 584 teretis
605 541 726 598 pueri
744 541 915 598 longam
933 540 1183 583 renodantis
1203 555 1383 582 comam.
1417 557 1420 559 ’

90 655 607 698 tohvuponhisshouldffll
628 665 740 687 means
759 655 869 686 rather
910 655 1095 696 anywhae
1117 656 1195 693 else,
1210 655 1556 697 pehapsthiswrita·
1576 655 1654 686 took
1668 656 1696 687 it

90 700 455 742 tyhgupinaknot
474 699 584 731 like·
607 699 677 740 girl.
722 699 868 730 Valerius
910 698 995 730 from
1028 699 1167 736 Horace,
1204 699 1377 739 mistaking
1412 708 1451 729 or
1480 699 1664 738 alten-ingl
1652 699 1696 730 its

91 709 868 803 Mmsthffieo‘ffioegxrmwffieh
911 742 1072 782 meaning.
1118 742 1241 773 Iflnd·
1254 741 1448 773 renidentia’
1463 742 1695 773 intheVene-

3 828 7 830 Y
91 785 381 819 Poeoestdoesnot
389 786 514 817 notice:
531 785 672 843 “Teque
682 785 867 816 renodatam
910 785 979 815 fian
1000 785 1098 816 editio
1078 795 1121 816 on
1143 785 1182 816 of
1195 786 1289 822 1483,
1310 785 1374 816 and
1390 785 1513 816 Gesner
1535 785 1696 816 mentions

308 827 597 870 paecss’frueutem
608 829 672 860 i..e
689 826 867 859 ‘Dianam'
910 827 1137 868 thatreading
1155 827 1609 866 fromtheBodleianMS„
1634 827 1696 859 but

91 829 388 914 {Amr-381).
425 870 869 905 Asthewordisnotfound
910 869 1597 912 thereisnowmghtwbesmchedtoit.

721 1051 1052 1058 Ἠ-

641 1197 964 1245 CARMEN
1014 1199 1146 1247 XII.

265 1327 384 1380 Qum
404 1327 484 1370 tibi
503 1327 580 1379 vis,
602 1327 752 1369 mulier
771 1327 904 1384 nigris
925 1327 1173 1384 dignissima
1191 1328 1355 1370 barris?

324 1392 509 1434 Munera
529 1392 629 1448 quid
649 1392 752 1433 mihi
771 1392 925 1448 quidve
943 1393 1123 1434 tabellas

267 1455 414 1498 Mittis
433 1470 511 1498 nec
531 1456 653 1497 firmo
668 1456 815 1511 juveni
835 1471 971 1512 neque
991 1457 1103 1499 naris
1123 1458 1304 1500 obesae?

323 1520 518 1577 Namque
536 1520 734 1577 sagacius
753 1535 863 1563 unus
882 1522 1048 1572 odoror,
1430 1537 1434 1539 ’

265 1584 456 1642 Polypus
474 1599 530 1628 an
547 1586 690 1641 gravis
710 1585 887 1628 hirsutis
909 1587 1040 1629 cubet
1059 1585 1204 1629 hircus
1223 1586 1267 1628 in
1286 1586 1378 1639 alis,
1504 1598 1524 1628 5

321 1651 460 1704 Quam
480 1650 597 1693 canis
615 1664 715 1693 acer
734 1651 807 1692 ubi
826 1651 959 1693 lateat
979 1666 1067 1694 sus.

265 1715 348 1770 Qui
367 1716 496 1758 sudor
514 1715 639 1759 vietis
658 1720 704 1758 et
722 1730 850 1772 quam
868 1717 1003 1758 malus
1023 1716 1207 1773 undique
1226 1717 1427 1759 membris

321 1779 490 1823 Crescit
508 1781 626 1831 odor,
646 1795 744 1822 cum
763 1795 870 1837 pene
890 1781 1033 1824 soluto

265 1843 525 1887 Indomitam
543 1851 745 1901 properat
764 1845 925 1888 rabiem
944 1846 1097 1888 sedare
1112 1863 1126 1895 ;
1157 1861 1294 1903 neque
1310 1846 1371 1888 illi

321 1908 355 1950 J
355 1923 427 1950 am
444 1915 590 1952 manet
609 1910 782 1952 humida
800 1916 919 1952 creta
938 1911 1137 1966 colorque
1483 1924 1527 1952 ιο

267 1973 465 2016 Stercore
484 1975 656 2016 fucatus
675 1976 887 2026 crocodili,
904 1977 1078 2031 jamque
1098 1977 1290 2018 subando

323 2038 462 2080 Tenta
482 2039 635 2080 cubilia
654 2044 857 2095 tectaque
876 2040 1061 2095 rumpit!

268 2101 353 2144 Vel
371 2117 468 2144 mea
486 2117 584 2144 cum
602 2104 739 2145 saevis
758 2104 898 2160 agitat
916 2104 1090 2146 fastidia
1107 2104 1271 2147 verbis:

326 2165 502 2209 Inachia
520 2167 697 2223 langues
714 2168 855 2210 minus
873 2182 924 2209 ac
944 2182 1039 2218 me;

270 2231 487 2274 Inachiam
505 2236 573 2274 ter
590 2237 716 2274 nocte
735 2237 872 2288 potes,
892 2233 996 2274 mihi
1015 2247 1182 2288 semper
1200 2233 1256 2275 ad
1275 2247 1406 2275 unum
1482 2245 1524 2275 15

327 2295 473 2338 Mollis
493 2311 613 2352 opus.
675 2296 834 2339 Pereat
851 2297 961 2340 male
981 2312 1089 2354 quae
1108 2303 1154 2339 te

269 2361 426 2404 Lesbia
444 2362 664 2418 quaerenti
683 2366 854 2404 taurum
872 2362 1126 2404 monstravit
1145 2362 1337 2414 inertem,

325 2425 434 2468 Cum
452 2426 556 2468 mihi
576 2426 689 2468 cous
707 2428 880 2469 adesset
899 2427 1125 2482 Amyntas,

267 2490 401 2547 Gujus
419 2490 463 2532 in
482 2490 687 2533 indomito
707 2491 974 2533 constantior
992 2491 1163 2547 inguine
1181 2505 1334 2532 nervus

325 2557 464 2610 Quam
482 2571 592 2598 nova
612 2557 787 2598 collibus
805 2557 931 2599 arbor
950 2557 1155 2599 inhaeret.
1477 2566 1524 2599 20

270 2620 509 2663 Muricibus
530 2621 670 2676 Tyriis
688 2621 868 2664 iteratae
888 2621 1043 2663 vellera
1060 2622 1183 2663 lanae

327 2685 407 2728 Cui
425 2687 788 2742 properabantur?
818 2686 913 2728 Tibi
932 2702 1095 2743 nempe,

270 2751 337 2793 Ne
355 2752 466 2793 foret
483 2753 679 2808 aequales
699 2753 810 2794 inter
829 2752 1016 2802 conviva,
1038 2752 1174 2808 magis
1193 2767 1319 2808 quem

327 2815 540 2873 Diligeret
556 2817 706 2858 mulier
726 2831 803 2858 sua
823 2830 949 2873 quam
969 2821 1028 2858 te.

271 2880 309 2922 Ο
330 2896 411 2938 ego
430 2895 516 2923 non
533 2882 646 2932 seuit,
667 2896 795 2937 quam
815 2886 863 2923 tu
883 2881 994 2937 fugis
1013 2885 1062 2922 ut
1081 2886 1209 2938 pavet
1227 2895 1347 2923 acres
1476 2894 1521 2924 25

327 2946 455 3003 Agna
474 2946 597 3003 lupos
617 2961 876 3003 capreaeque
895 2946 1064 2988 leones!
