1910 3236
146 201 230 242 344,

211 315 363 358 Metiri
382 314 520 372 possis
541 313 663 356 oculo
683 314 809 357 latus.

706 198 975 242 HORATII
1008 199 1231 242 FLAGGI

870 314 944 356 An
962 314 1043 357 tibi
1062 314 1196 356 mavis

209 381 395 423 Insidias
414 380 506 422 fieri
526 380 795 437 pretiumque
815 380 985 422 avellier
1004 384 1105 422 ante

209 447 347 500 Quam
367 461 553 488 mercem
573 446 766 488 ostendi?
826 449 852 468 “
870 445 1081 502 Leporem
1100 451 1278 488 venator
1298 450 1348 488 ut
1367 446 1457 489 alta

1631 455 1697 487 105

212 511 263 553 In
283 511 379 553 nive
400 516 602 563 sectetur,
625 511 813 567 positum
833 511 894 553 sic
914 517 1093 567 tangere
1113 511 1260 562 nolit‚”

211 577 372 619 Cantat
393 582 438 619 et
457 577 635 633 apponit
652 593 661 618 z
697 580 723 600 ‘⁶
739 577 868 618 Meus
889 582 956 618 est
975 591 1095 618 amor
1114 575 1212 617 huic
1233 575 1410 626 similis;
1444 589 1546 619 nam

211 643 466 685 Transvolat
486 643 529 684 in
548 642 688 684 medio
708 642 850 698 posita
870 647 916 684 et
933 642 1140 698 fugientia
1159 642 1349 698 captat.''

211 709 392 751 Hiscine
411 708 629 751 versiculis
648 723 796 764 speras
814 708 895 750 tibi
914 723 1040 764 posse
1062 709 1229 750 dolores

212 774 361 831 Atque
381 780 528 817 aestus
548 788 757 830 curasque
776 788 929 830 graves
949 789 973 815 e
992 779 1168 829 pectore
1189 773 1314 830 pelli?

1635 785 1702 815 110

214 839 367 882 Nonne
388 840 654 896 cupidinibus
675 844 842 882 statuat
862 844 1016 881 natura
1036 839 1210 880 modum
1230 854 1367 895 quem‚

215 905 327 959 Quid
346 906 487 948 latura
507 905 587 947 sibi
608 905 708 961 quid
727 904 785 947 sit
805 904 989 947 dolitura
1008 909 1224 962 negatum,

214 972 429 1026 Quaerere
450 972 545 1028 plus
566 972 743 1028 prodest
763 976 809 1013 et
829 971 953 1013 inane
973 970 1223 1013 abscindere
1244 971 1398 1014 soldo?

215 1036 331 1079 Num
350 1037 430 1080 tibi
451 1052 547 1080 cum
566 1038 712 1080 fauces
732 1037 819 1080 urit
839 1037 934 1080 sitis
954 1051 1084 1079 aurea
1104 1036 1273 1093 quaeris

215 1103 404 1145 Pocula?
435 1119 536 1145 num
557 1103 747 1146 esuriens
765 1103 935 1146 fastidis
954 1103 1095 1146 omnia
1115 1108 1287 1159 praeter

216 1168 435 1211 Pavonem
456 1170 790 1226 rhombumque?

1638 1112 1704 1144 115

850 1170 1037 1213 Tument
1057 1168 1136 1211 tibi
1158 1183 1255 1211 cum
1274 1167 1462 1224 inguina,
1482 1182 1585 1210 num
1604 1168 1642 1210 si

216 1235 387 1278 Ancilla
407 1241 484 1279 aut
504 1252 634 1279 verna
654 1242 722 1279 est
740 1241 914 1293 praesto
935 1250 1041 1292 puer
1060 1235 1245 1291 impetus
1265 1234 1308 1277 in
1329 1249 1456 1291 quem

216 1302 430 1344 Continuo
451 1302 529 1344 fiat
549 1302 671 1344 malis
690 1302 899 1358 tentigine
920 1300 1085 1357 rumpi?

218 1366 316 1408 Non
337 1382 441 1423 ego:
475 1382 658 1423 namque
677 1367 910 1423 parabilem
929 1381 1026 1408 amo
1047 1381 1243 1409 venerem
1261 1366 1525 1422 facilemque.

219 1431 355 1483 Illam,
383 1435 408 1453 “
423 1432 534 1474 Post
553 1433 720 1488 paulo‚''
745 1436 770 1454 “
785 1432 871 1473 Sed
890 1431 1063 1487 pluris‚‘''
1089 1431 1175 1473 “Si
1196 1432 1349 1474 exierit
1368 1432 1473 1483 vir‚''

1642 1442 1710 1474 120

219 1497 367 1548 Gallis,
391 1497 500 1539 hanc
523 1497 799 1539 Philodemus
818 1497 881 1539 ait
901 1496 983 1538 sibi
1003 1510 1111 1551 quae
1131 1511 1270 1552 neque
1290 1511 1445 1552 magno

222 1562 321 1605 Stet
341 1563 480 1618 pretio
500 1578 638 1619 neque
658 1567 885 1605 cunctetur
906 1576 1003 1604 cum
1024 1566 1090 1603 est
1105 1562 1228 1616 jussa
1247 1562 1403 1604 venire.

221 1626 414 1669 Candida
434 1633 635 1684 rectaque
656 1628 739 1678 sit;
773 1628 932 1669 munda
952 1627 1160 1669 hactenus
1181 1631 1230 1669 ut
1249 1642 1387 1684 neque
1407 1627 1535 1684 longa.

223 1692 314 1734 Nec
334 1693 472 1750 magis
492 1694 589 1735 alba
608 1693 711 1736 velit
730 1708 858 1750 quam
878 1693 955 1734 dat
973 1696 1129 1736 natura
1148 1691 1295 1734 videri.

222 1758 347 1800 Haec
368 1759 440 1800 ubi
461 1759 687 1816 supposuit
707 1759 861 1801 dextro
883 1772 1038 1814 corpus
1058 1757 1161 1799 mihi
1180 1757 1347 1800 laevum

1643 1768 1710 1800 125

224 1823 304 1866 Ilia
325 1829 371 1867 et
393 1824 552 1881 Egeria
572 1830 662 1867 est:
697 1826 752 1866 do
773 1839 927 1866 nomen
947 1823 1167 1879 quodlibet
1186 1822 1257 1874 illi,

223 1889 316 1932 Nec
336 1905 485 1932 vereor
504 1905 557 1934 ne
579 1891 679 1932 dum
697 1890 820 1934 futuo
841 1889 904 1932 vir
923 1903 1022 1931 rure
1041 1893 1246 1940 recurrat,

214 2043 285 2074 105.
317 2044 478 2084 Leporem
514 2045 672 2085 venator]
734 2044 840 2075 These
876 2043 949 2075 four

166 2086 248 2118 lines
263 2096 317 2117 are
339 2087 437 2118 taken
460 2087 543 2118 from
566 2098 607 2119 an
631 2088 771 2128 epigram
795 2087 832 2118 of
852 2087 948 2118 Calli·

167 2130 311 2167 machus,
342 2131 446 2161 which
475 2141 608 2172 appears
638 2135 672 2162 to
706 2131 786 2162 have
815 2130 897 2161 been
930 2140 950 2160 a

167 2173 305 2213 popular
319 2183 399 2213 song
410 2186 464 2204 :—

168 2230 353 2274 ὠγρευτὴς,
390 2232 575 2271 Ἐπίκυόες,
613 2232 651 2265 ἐν
688 2232 798 2274 οὔρεσι
829 2231 946 2264 πάντα

299 2276 440 2317 λαγωὸν

214 2317 293 2364 διψᾷ
308 2318 363 2350 καὶ
379 2319 495 2357 πάσης
509 2318 607 2360 ἴχνια
623 2316 832 2359 δορκαλὶδος,

170 2361 275 2405 στίβη
301 2361 357 2414 κὲιὶ
385 2363 509 2404 νιφετῷ
533 2361 746 2404 κεχρημένος·
770 2361 816 2399 ἢν
840 2359 873 2392 δέ
898 2371 949 2398 τις

215 2451 276 2487 Τῆ,
293 2416 557 2488 τῗὲἷεῃβέβληται
572 2447 700 2489 θηρίον·
723 2445 783 2477 οὐκ
799 2445 935 2486 ἔλαβεν.

171 2491 300 2533 χὸὗμὸς
329 2491 410 2543 ἔρως
437 2489 577 2522 τοίυσόε·
614 2492 658 2522 τὰ
687 2490 750 2532 μὲν
779 2489 951 2531 φεύγοντα

215 2576 291 2616 οἶδε,
302 2534 393 2609 {aggf
399 2545 439 2608 ιὲῖι
447 2575 560 2618 μέσσῳ
572 2575 706 2618 κείμενα
722 2574 950 2618 παρπὲταται.

171 2643 251 2674 This
267 2645 455 2684 sufficiently
470 2644 614 2684 explains
639 2646 647 2662 ‘
658 2643 798 2684 positum
821 2646 951 2682 tangere

171 2687 275 2724 nolit,'
300 2688 404 2718 where
422 2687 567 2717 however
590 2697 679 2718 some
702 2689 950 2717 commentatore

172 2730 368 2761 understand
393 2733 400 2747 ¹
411 2731 550 2771 positum
563 2729 570 2743 '
589 2730 623 2760 in
638 2730 694 2761 the
709 2739 796 2760 same
811 2739 903 2760 sense
916 2738 951 2763 as

172 2772 206 2801 in
224 2772 255 2802 S.
273 2773 304 2803 ii.
318 2776 348 2804 2.
367 2775 419 2811 23,
446 2776 453 2790 ‘
464 2773 569 2813 posito
585 2772 730 2813 pavone,'
748 2772 812 2803 and
829 2772 950 2803 Turne-

173 2813 234 2844 bus
250 2825 320 2854 says
335 2816 362 2845 it
376 2826 486 2846 means
502 2819 510 2833 ‘
521 2816 703 2856 appositum
718 2815 751 2846 in
766 2815 909 2846 ferculo!

221 2857 292 2887 113.
317 2859 411 2888 inane
423 2859 611 2889 abscindere
624 2859 714 2889 coldo
725 2858 759 2898 7]
799 2858 848 2889 To
864 2867 953 2898 sepa-

173 2902 243 2929 rate
259 2899 341 2930 what
364 2901 391 2930 is
408 2902 479 2931 vain
497 2901 579 2931 from
595 2901 680 2932 what
703 2901 730 2932 is
747 2901 823 2940 real,
838 2901 954 2941 luxury

174 2940 256 2972 from
272 2943 472 2982 necessarios,
488 2944 551 2975 and
566 2954 602 2976 so
617 2944 713 2976 forth.

1038 2043 1111 2073 121.
1139 2042 1254 2079 Gallis,
1270 2042 1354 2073 hane
1369 2041 1581 2073 Philodemus
1594 2040 1659 2082 ait]
1697 2040 1771 2073 The

994 2085 1088 2122 Galli,
1099 2095 1135 2116 or
1143 2085 1257 2126 priests
1266 2085 1303 2116 of
1307 2085 1364 2115 the
1373 2084 1520 2116 Galatiam
1529 2084 1772 2125 Cybele,whose

994 2128 1131 2169 worship
1161 2138 1225 2159 was
1247 2127 1435 2159 introduced
1463 2128 1533 2159 into
1560 2127 1664 2158 Rome
1686 2127 1771 2158 from

995 2171 1144 2202 Pessinus
1159 2171 1275 2211 during
1289 2171 1344 2202 the
1353 2171 1471 2202 second
1486 2170 1587 2201 Punic
1595 2170 1675 2201 War
1684 2169 1770 2212 (Liv.

991 2215 1078 2245 xxix.
1100 2215 1150 2250 11,
1178 2215 1237 2251 143
1261 2214 1336 2246 Juv.
1354 2214 1389 2245 ii.
1410 2215 1491 2251 116;
1513 2213 1555 2244 vi.
1579 2214 1663 2251 5133
1686 2212 1772 2244 Ovid

993 2257 1079 2288 Fast.
1104 2257 1145 2288 iv.
1170 2256 1260 2298 361),
1285 2266 1368 2287 were
1390 2257 1543 2287 eunucha.
1595 2255 1667 2294 'th
1694 2265 1771 2286 oon·
1791 2265 1795 2269 ’

992 2300 1147 2331 struction
1170 2300 1197 2330 is
1228 2300 1342 2330 ‘Illam
1366 2299 1570 2330 Philodemus
1592 2298 1638 2329 ait
1662 2298 1773 2336 Gallis,

991 2343 1075 2374 hanc
1090 2342 1172 2373 sibi)
1216 2342 1422 2373 Philodemus
1436 2352 1528 2373 wasa
1540 2341 1716 2373 Greekand
1730 2351 1773 2372 an

995 2385 1185 2426 Epicurean.
1232 2386 1285 2416 He
1303 2385 1387 2416 lived
1401 2389 1436 2415 at
1451 2385 1555 2416 Rome
1569 2395 1612 2415 on
1627 2387 1725 2415 ter-ms
1739 2383 1777 2415 of

994 2431 1084 2468 great
1101 2428 1254 2468 intimacy
1274 2428 1352 2458 with
1370 2427 1409 2458 L.
1430 2428 1512 2465 Piso,
1528 2427 1653 2467 against
1666 2426 1773 2458 whom

994 2471 1085 2502 there
1099 2471 1126 2501 is
1141 2481 1183 2501 an
1201 2470 1326 2501 oration
1343 2470 1380 2501 of
1399 2470 1521 2501 Cicero.
1569 2469 1773 2500 Philodemus

995 2516 1093 2545 wrote
1107 2516 1230 2554 poen-y,
1245 2513 1309 2544 and
1324 2523 1413 2544 some
1436 2512 1474 2543 of
1492 2512 1547 2542 the
1564 2512 1722 2552 epigrama
1737 2512 1774 2542 in

994 2556 1051 2588 the
1073 2556 1257 2596 Anthology
1284 2565 1338 2586 are
1366 2555 1426 2586 his.
1481 2555 1591 2586 Cicero
1614 2554 1774 2586 describes

994 2599 1062 2630 him
1093 2598 1140 2640 (in
1167 2599 1326 2635 Pisonem,
1347 2608 1374 2628 c.
1397 2596 1453 2638 28)
1478 2607 1512 2628 as
1542 2597 1774 2637 “ingeniosum

994 2642 1157 2673 hominem
1179 2645 1277 2682 atque
1305 2639 1500 2672 eruditum.”
1545 2639 1636 2670 “Est
1664 2643 1774 2671 autem

994 2685 1046 2716 hic
1070 2685 1125 2726 (he
1148 2683 1327 2725 continues)
1354 2694 1419 2714 nou
1443 2682 1645 2724 philosophia
1669 2683 1774 2714 solum

995 2728 1051 2759 sed
1074 2728 1169 2758 etiam
1195 2727 1321 2764 litteris,
1349 2726 1435 2767 quod
1457 2726 1524 2756 fere
1547 2730 1669 2757 ceteros
1694 2725 1774 2766 Epi-

996 2780 1107 2803 cureos
1122 2770 1280 2810 negligere
1295 2770 1415 2806 dicunt,
1427 2769 1630 2810 perpolitum.
1655 2769 1773 2800 Poema

995 2824 1091 2855 porro
1115 2813 1191 2844 facit
1210 2813 1255 2843 ita
1269 2812 1429 2849 festivum,
1450 2812 1495 2843 ita
1510 2812 1713 2850 concinnum,
1729 2812 1774 2843 ita

997 2857 1134 2896 elegans,
1151 2855 1231 2887 nihil
1246 2859 1283 2887 ut
1298 2856 1368 2886 fieri
1382 2855 1483 2896 possit
1497 2854 1675 2895 argutius.”
1721 2854 1775 2886 He

997 2900 1127 2939 charges
1151 2898 1355 2930 Philodemus
1370 2898 1447 2931 with
1470 2898 1587 2940 having
1603 2897 1774 2941 corrupted

996 2942 1053 2975 the
1067 2941 1157 2974 mind
1171 2941 1209 2973 of
1221 2941 1304 2974 Piso.
